@String{ACL = "Annual Meeting of the Association for Computational Linguistics"}
@String{AOSD = "International Conference on Aspect-Oriented Software Development"}
@String{ASE = "Automated Software Engineering"}
@String{ASETool = "Automated Software Engineering, Tool Demonstrations"}
@String{CADE = "International Conference on Automated Deduction"}
@String{CAV = "International Conference on Computer Aided Verification"}
@String{CICLing = "International Conference on Intelligent Text Processing and Computational Linguistics"}
@String{CICM = "International Conference on Intelligent Computer Mathematics"}
@String{CICMWIP = "Work in Progress at the Conference on Intelligent Computer Mathematics"}
@String{COQPL = "International Workshop on Coq for Programming Languages"}
@String{CPP = "Certified Programs and Proofs"}
@String{CSUR = "ACM Computing Surveys"}
@String{EACL = "Conference of the European Chapter of the Association for Computational Linguistics"}
@String{ECOOP = "European Conference on Object-Oriented Programming"}
@String{EMNLP = "Empirical Methods in Natural Language Processing"}
@String{ESEC/FSE = "Joint European Software Engineering Conference and Symposium on the Foundations of Software Engineering"}
@String{ESOP = "European Symposium on Programming"}
@String{FASE = "Fundamental Approaches to Software Engineering"}
@String{FM = "International Symposium on Formal Methods"}
@String{FSE = "International Symposium on the Foundations of Software Engineering"}
@String{FSENIER = "International Symposium on the Foundations of Software Engineering, NIER"}
@String{ICLR = "International Conference on Learning Representations"}
@String{ICML = "International Conference on Machine Learning"}
@String{ICPC = "International Conference on Program Comprehension"}
@String{ICSE = "International Conference on Software Engineering"}
@String{ICSME = "International Conference on Software Maintenance and Evolution"}
@String{ICST = "International Conference on Software Testing, Verification, and Validation"}
@String{IJCAI = "International Joint Conference on Artificial Intelligence"}
@String{IJCAR = "International Joint Conference on Automated Reasoning"}
@String{ISSTA = "International Symposium on Software Testing and Analysis"}
@String{ITP = "International Conference on Interactive Theorem Proving"}
@String{LPAR = "International Conference on Logic for Programming, Artificial Intelligence, and Reasoning"}
@String{MSR = "International Working Conference on Mining Software Repositories"}
@String{NAACL = "Conference of the North American Chapter of the Association for Computational Linguistics: Human Language Technologies"}
@String{OOPSLA = "International Conference on Object-Oriented Programming, Systems, Languages, and Applications"}
@String{PLDI = "Conference on Programming Language Design and Implementation"}
@String{POPL = "Symposium on Principles of Programming Languages"}
@String{SANER = "International Conference on Software Analysis, Evolution and Reengineering"}
@String{SOOPPA = "Symposium on Object-Oriented Programming Emphasizing Practical Applications"}
@String{SOSP = "Symposium on Operating Systems Principles"}
@String{TPHOLs = "Theorem Proving in Higher Order Logics"}
@String{TYPES = "International Conference on Types for Proofs and Programs"}
@String{UITP = "International Workshop On User Interfaces for Theorem Provers"}
@String{WCRE = "Working Conference on Reverse Engineering"}

@inproceedings{ZhaiETAL20CPC,
  title =        {{CPC}: Automatically classifying and propagating
                  natural language comments via program analysis},
  author =       {Zhai, Juan and Xu, Xiangzhe and Shi, Yu and Pan,
                  Minxue and Ma, Shiqing and Xu, Lei and Zhang,
                  Weifeng and Tan, Lin and Zhang, Xiangyu},
  booktitle =    ICSE,
  pages =        {to appear},
  year =         {2020},
}

@inproceedings{AllamanisETAL18Learning,
  author =    {Miltiadis Allamanis and
               Marc Brockschmidt and
               Mahmoud Khademi},
  title =     {Learning to Represent Programs with Graphs},
  booktitle = ICLR,
  year      = {2018},
  LONGurl       = {https://openreview.net/forum?id=BJOFETxR-},
  LONGurl    = {https://dblp.org/rec/conf/iclr/AllamanisBK18.bib},
}

@inproceedings{IyerETAL16Summarizing,
  title =        "Summarizing Source Code using a Neural Attention
                  Model",
  author =       "Iyer, Srinivasan and Konstas, Ioannis and Cheung,
                  Alvin and Zettlemoyer, Luke",
  booktitle =    ACL,
  pages =        "2073--2083",
  year =         "2016",
  LONGurl =      "https://www.aclweb.org/anthology/P16-1195",
  LONGdoi =      "10.18653/v1/P16-1195",
}

@inproceedings{LoyolaETAL17Neural,
  author =       {Loyola, Pablo and Marrese-Taylor, Edison and Matsuo,
                  Yutaka},
  title =        {A Neural Architecture for Generating Natural
                  Language Descriptions from Source Code Changes},
  booktitle =    ACL,
  pages =        {287--292},
  year =         {2017},
  LONGurl =      {https://www.aclweb.org/anthology/P17-2045},
  LONGdoi =      {10.18653/v1/P17-2045},
}

@inproceedings{HuETAL18Deep,
  author    = {Xing Hu and
               Ge Li and
               Xin Xia and
               David Lo and
               Zhi Jin},
  title     = {Deep code comment generation},
  booktitle = ICPC,
  pages     = {200--210},
  year      = {2018},
  LONGurl       = {https://doi.org/10.1145/3196321.3196334},
  LONGdoi       = {10.1145/3196321.3196334},
}

@inproceedings{LeClairETAL20Improved,
  author =       {Alexander LeClair and Sakib Haque and Lingfei Wu and
                  Collin McMillan},
  title =        {Improved Code Summarization via a Graph Neural
                  Network},
  booktitle =    ICPC,
  pages =        {to appear},
  year =         {2020},
  LONGurl =      {https://arxiv.org/abs/2004.02843},
  LONGdoi =      {10.1145/3387904.3389268},
}

@article{HagiwaraAndMita19GitHub,
  author    = {Masato Hagiwara and
               Masato Mita},
  title     = {{GitHub} Typo Corpus: {A} Large-Scale Multilingual Dataset of Misspellings
               and Grammatical Errors},
  journal   = {CoRR},
  volume    = {abs/1911.12893},
  year      = {2019},
  LONGurl       = {http://arxiv.org/abs/1911.12893},
  archivePrefix = {arXiv},
  eprint    = {1911.12893},
}

@inproceedings{LeClairETAL19Neural,
  author    = {Alexander LeClair and
               Siyuan Jiang and
               Collin McMillan},
  title     = {A neural model for generating natural language summaries of program
               subroutines},
  booktitle = ICSE,
  pages     = {795--806},
  year      = {2019},
  LONGurl       = {https://doi.org/10.1109/ICSE.2019.00087},
  LONGdoi       = {10.1109/ICSE.2019.00087},
}

@article{AlonETAL19Code2vec,
  title =   {code2vec: Learning distributed representations of code},
  author =  {Alon, Uri and Zilberstein, Meital and Levy, Omer and Yahav, Eran},
  journal = {Proceedings of the ACM on Programming Languages},
  volume  = {3},
  number  = {POPL},
  pages   = {1--29},
  year    = {2019},
  publisher ={ACM New York, NY, USA}
}

@inproceedings{LeClairAndMcMillan19Recommendations,
  author    = {Alexander LeClair and
               Collin McMillan},
  title     = {Recommendations for Datasets for Source Code Summarization},
  booktitle = NAACL,
  pages     = {3931--3937},
  year      = {2019},
  LONGurl       = {https://doi.org/10.18653/v1/n19-1394},
  LONGdoi       = {10.18653/v1/n19-1394},
}

@misc{LopesETAL10UCI,
  author =       "C. Lopes and S. Bajracharya and J. Ossher and
                  P. Baldi",
  year =         "2010",
  title =        "{UCI} Source Code Data Sets",
  LONGurl =          "http://www.ics.uci.edu/~lopes/datasets/",
  institution =  "University of California, Irvine, Bren School of
                  Information and Computer Sciences"
}

@article{LuanETAL19Aroma,
  author    = {Sifei Luan and
               Di Yang and
               Celeste Barnaby and
               Koushik Sen and
               Satish Chandra},
  title     = {Aroma: code recommendation via structural code search},
  journal   = {Proc. {ACM} Program. Lang.},
  volume    = {3},
  number    = {{OOPSLA}},
  pages     = {152:1--152:28},
  year      = {2019},
  LONGurl       = {https://doi.org/10.1145/3360578},
  LONGdoi       = {10.1145/3360578},
}

@article{MarkovtsevAndLong18Public,
  author    = {Vadim Markovtsev and
               Waren Long},
  title     = {Public {G}it Archive: a Big Code dataset for all},
  journal   = {CoRR},
  volume    = {abs/1803.10144},
  year      = {2018},
  LONGurl       = {http://arxiv.org/abs/1803.10144},
  archivePrefix = {arXiv},
  eprint    = {1803.10144},
}

@inproceedings{AllamanisETAL16Convolutional,
  title     = {A convolutional attention network for extreme summarization of source code},
  author    = {Allamanis, Miltiadis and Peng, Hao and Sutton, Charles},
  booktitle = {International conference on machine learning},
  pages     = {2091--2100},
  year      = {2016}
}

@inproceedings{FernandesETAL19Structured,
  author    = {Patrick Fernandes and
               Miltiadis Allamanis and
               Marc Brockschmidt},
  title     = {Structured Neural Summarization},
  booktitle = ICLR,
  year      = {2019},
  LONGurl       = {https://openreview.net/forum?id=H1ersoRqtm},
}

@inproceedings{AlonETAL19Code2seq,
  author =       {Uri Alon and Shaked Brody and Omer Levy and Eran
                  Yahav},
  title =        {{code2seq}: Generating Sequences from Structured
                  Representations of Code},
  booktitle =    ICLR,
  year =         {2019},
  LONGurl =          {https://openreview.net/forum?id=H1gKYo09tX},
}

@inproceedings{WanETAL18Improving,
  author    = {Yao Wan and
               Zhou Zhao and
               Min Yang and
               Guandong Xu and
               Haochao Ying and
               Jian Wu and
               Philip S. Yu},
  title     = {Improving automatic source code summarization via deep reinforcement
               learning},
  booktitle = ASE,
  pages     = {397--407},
  year      = {2018},
  LONGurl       = {https://doi.org/10.1145/3238147.3238206},
  LONGdoi       = {10.1145/3238147.3238206},
}

@inproceedings{LiangAndZhu18Automatic,
  author    = {Yuding Liang and
               Kenny Qili Zhu},
  title     = {Automatic Generation of Text Descriptive Comments for Code Blocks},
  booktitle = AAAI,
  pages     = {5229--5236},
  year      = {2018},
  LONGurl       = {https://www.aaai.org/ocs/index.php/AAAI/AAAI18/paper/view/16492},
}

@inproceedings{HuETAL18Summarizing,
  author    = {Xing Hu and
               Ge Li and
               Xin Xia and
               David Lo and
               Shuai Lu and
               Zhi Jin},
  title     = {Summarizing Source Code with Transferred {API} Knowledge},
  booktitle = IJCAI,
  pages     = {2269--2275},
  year      = {2018},
  LONGurl       = {https://doi.org/10.24963/ijcai.2018/314},
  LONGdoi       = {10.24963/ijcai.2018/314},
}

@inproceedings{BaroneAndSennrich17Parallel,
  author    = {Antonio Valerio Miceli Barone and
               Rico Sennrich},
  title     = {A Parallel Corpus of {P}ython Functions and Documentation Strings for
               Automated Code Documentation and Code Generation},
  booktitle = IJCNLP,
  pages     = {314--319},
  year      = {2017},
  LONGurl       = {https://www.aclweb.org/anthology/I17-2053/},
}

@article{HuETAL19Deep,
  title =        {Deep code comment generation with hybrid lexical and
                  syntactical information},
  author =       {Hu, Xing and Li, Ge and Xia, Xin and Lo, David and
                  Jin, Zhi},
  journal =      {Empirical Software Engineering},
  pages =        {1--39},
  year =         {2019},
  LONGpublisher =    {Springer}
}

@inproceedings{AhmadETAL20Transformer-based,
  title =        {A Transformer-based Approach for Source Code
                  Summarization},
  author =       {Wasi Uddin Ahmad and Saikat Chakraborty and
                  Baishakhi Ray and Kai-Wei Chang},
  year =         {2020},
  booktitle =    ACL,
  pages =        {to appear},
  LONGurl =          {http://arxiv.org/abs/2005.00653},
}
                  
@inproceedings{CaiETAL20TAG,
  title =        {TAG : Type Auxiliary Guiding for Code Comment
                  Generation},
  author =       {Ruichu Cai and Zhihao Liang and Boyan Xu and Zijian
                  Li and Yuexing Hao and Yao Chen},
  year =         {2020},
  booktitle =    ACL,
  pages =        {to appear},
  LONGurl =          {http://arxiv.org/abs/2005.02835},
}

@article{YinAndNeubig17Syntactic,
  title={A syntactic neural model for general-purpose code generation},
  author={Yin, Pengcheng and Neubig, Graham},
  journal={arXiv preprint arXiv:1704.01696},
  year={2017}
}

@article{LingETAL16Latent,
  title =  {Latent predictor networks for code generation},
  author =  {Ling, Wang and Grefenstette, Edward and Hermann, Karl Moritz and Ko{\v{c}}isk{\`y}, Tom{\'a}{\v{s}} and Senior, Andrew and Wang, Fumin and Blunsom, Phil},
  journal =  {arXiv preprint arXiv:1603.06744},
  year =  {2016}
}

@inproceedings{ZhaoETAL20Survey,
  title =        {A Survey of Automatic Generation of Code Comments},
  booktitle =    {International Conference on Management Engineering,
                  Software Engineering and Service Sciences},
  author =       {Zhao, Fengrong and Zhao, Junqi and Bai, Yang},
  year =         {2020},
  pages =        {21--25},
  LONGdoi =      {10.1145/3380625.3380649},
}

@article{ScarselliETAL08Graph,
  title =            {The graph neural network model},
  author =               {Scarselli, Franco and Gori, Marco and Tsoi, Ah Chung and Hagenbuchner, Markus and Monfardini, Gabriele},
  journal =                {IEEE Transactions on Neural Networks},
  volume =              {20},
  number =          {1},
  pages =            {61--80},
  year =             {2008},
  publisher =         {IEEE}
}

@inproceedings{Vaswani17Attention,
  title  =        {Attention is all you need},
  author  =          {Vaswani, Ashish and Shazeer, Noam and Parmar, Niki and Uszkoreit, Jakob and Jones, Llion and Gomez, Aidan N and Kaiser, {\L}ukasz and Polosukhin, Illia},
  booktitle =          {Advances in neural information processing systems},
  pages =         {5998--6008},
  year =         {2017}
}


@inproceedings{TuETAL18Careful,
  title =        {Be careful of when: an empirical study on
                  time-related misuse of issue tracking data},
  author =       {Tu, Feifei and Zhu, Jiaxin and Zheng, Qimu and Zhou,
                  Minghui},
  booktitle =    ESEC/FSE,
  pages =        {307--318},
  year =         {2018}
}

@inproceedings{TanETAL15Online,
  title =        {Online defect prediction for imbalanced data},
  author =       {Tan, Ming and Tan, Lin and Dara, Sashank and Mayeux, Caleb},
  booktitle =    {2015 IEEE/ACM 37th IEEE International Conference on Software Engineering},
  volume =       {2},
  pages =        {99--108},
  year =         {2015},
  organization = {IEEE}
}

@inproceedings{LutellierETAL20CoCoNut,
  title =        {CoCoNuT: combining context-aware neural translation models using ensemble for program repair},
  author =       {Lutellier, Thibaud and Pham, Hung Viet and Pang, Lawrence and Li, Yitong and Wei, Moshi and Tan, Lin},
  booktitle =    {Proceedings of the 29th ACM SIGSOFT International Symposium on Software Testing and Analysis},
  pages =        {101--114},
  year =         {2020}
}

@inproceedings{PradelETAL20Scaffle,
  title =        {Scaffle: bug localization on millions of files},
  author =       {Pradel, Michael and Murali, Vijayaraghavan and Qian, Rebecca and Machalica, Mateusz and Meijer, Erik and Chandra, Satish},
  booktitle =    {International Symposium on Software Testing and Analysis (ISSTA)},
  year =         {2020}
}

@online{StanfordSplitting,
  author = {Stanford University},
  title = {Splitting into train, dev and test sets},
  key = {StanfordSplitting},
  year = {2020},
  note = {\url{http://cs230.stanford.edu/blog/split/}},
}

@online{JavaParser,
  author =       {Javaparser Team},
  title =        {{J}ava{P}arser : Analyse, transform and generate
                  your {J}ava codebase},
  key =          {JavaParser},
  year =         {2020},
  note =         {\url{https://javaparser.org/}},
}

@inproceedings{PadioleauETAL09Listening,
  title = {Listening to Programmers---Taxonomies and Characteristics of Comments in Operating System Code},
  booktitle = ICSE,
  author = {Padioleau, Yoann and Tan, Lin and Zhou, Yuanyuan},
  year = {2009},
  pages = {331--341},
}

@inproceedings{NieETAL18Natural,
  key =          {2018-01},
  title =        {Natural Language Processing and Program Analysis for
                  Supporting Todo Comments as Software Evolves},
  author =       {Pengyu Nie and Junyi Jessy Li and Sarfraz Khurshid
                  and Raymond J. Mooney and Milos Gligoric},
  booktitle =    {Workshop on Natural Language Processing for Software Engineering (NL4SE)},
  pages =        {775-778},
  year =         2018,
  LONGmonth =    {February},
  LONGurl =
                  "http://www.cs.utexas.edu/users/ai-lab/pub-view.php?PubID=127683",
}

@inproceedings{TanETAL07Icomment,
  title = {/*Icomment: Bugs or Bad Comments?*/},
  booktitle = SOSP,
  author = {Tan, Lin and Yuan, Ding and Krishna, Gopal and Zhou, Yuanyuan},
  year = {2007},
  pages = {145--158},
}

@inproceedings{TanETAL12TComment,
  title = {@tComment: Testing Javadoc Comments to Detect Comment-Code Inconsistencies},
  booktitle = ISSTA,
  author = {Tan, S. H. and Marinov, D. and Tan, L. and Leavens, G. T.},
  year = {2012},
  LONGmonth = apr,
  pages = {260--269},
}

@inproceedings{RatolAndRobillard17Detecting,
  title = {Detecting Fragile Comments},
  booktitle = ASE,
  author = {Ratol, Inderjot Kaur and Robillard, Martin P},
  year = {2017},
  pages = {112--122}
}

@article{PascarellaETAL19Classifying,
  title = {Classifying Code Comments in Java Software Systems},
  author = {Pascarella, Luca and Bruntink, Magiel and Bacchelli, Alberto},
  year = {2019},
  LONGmonth = apr,
  journal = {Empir Software Eng},
}

@inproceedings{ChoETAL14Learning,
  title =        {Learning Phrase Representations Using RNN
                  Encoder-Decoder for Statistical Machine Translation},
  author =       {Cho, Kyunghyun and {van Merrienboer}, Bart and
                  Gulcehre, Caglar and Bahdanau, Dzmitry and Bougares,
                  Fethi and Schwenk, Holger and Bengio, Yoshua},
  year =         {2014},
  booktitle =    EMNLP,
  pages =        {1724--1734},
}

@inproceedings{LuongETAL15Effective,
  author    = {Thang Luong and
               Hieu Pham and
               Christopher D. Manning},
  title     = {Effective Approaches to Attention-based Neural Machine Translation},
  booktitle = EMNLP,
  pages     = {1412--1421},
  year      = {2015},
  LONGurl       = {https://www.aclweb.org/anthology/D15-1166/},
}

@online{URLOncePaperIsAccepted,
  author = {Anonymous},
  title = {{URL} will be available upon acceptance of the paper},
  key = {URLOncePaperIsAccepted},
  year = {2020},
  note = {\url{https://github.com/}},
}

@inproceedings{PapineniETAL02BLEU,
  title =  {BLEU: a method for automatic evaluation of machine translation},
  author = {Papineni, Kishore and Roukos, Salim and Ward, Todd and Zhu, Wei-Jing},
  booktitle = {Proceedings of the 40th annual meeting of the Association for Computational Linguistics},
  pages = {311--318},
  year =  {2002}
}

@inproceedings{XuETAL19Method,
  title =  {Method name suggestion with hierarchical attention networks},
  author =  {Xu, Sihan and Zhang, Sen and Wang, Weijing and Cao, Xinya and Guo, Chenkai and Xu, Jing},
  booktitle =  {Proceedings of the 2019 ACM SIGPLAN Workshop on Partial Evaluation and Program Manipulation},
  pages =  {10--21},
  year =  {2019}
}

@article{NguyenETAL20Suggesting,
  title={Suggesting Natural Method Names to Check Name Consistencies},
  author={Nguyen, Son and Phan, Hung and Le, Trinh and Nguyen, Tien N}
}

@inproceedings{YonaiETAL19Mercem,
  title =  {Mercem: Method name recommendation based on call graph embedding},
  author =  {Yonai, Hiroshi and Hayase, Yasuhiro and Kitagawa, Hiroyuki},
  booktitle =  {2019 26th Asia-Pacific Software Engineering Conference (APSEC)},
  pages =  {134--141},
  year =  {2019},
  organization =  {IEEE}
}

@inproceedings{LawrieETAL06Whats,
  title={What's in a Name? A Study of Identifiers},
  author={Lawrie, Dawn and Morrell, Christopher and Feild, Henry and Binkley, David},
  booktitle={14th IEEE International Conference on Program Comprehension (ICPC'06)},
  pages={3--12},
  year={2006},
  organization={IEEE}
}

@article{Wilcoxon45Individual,
  title = {Individual Comparisons by Ranking Methods},
  author = {Wilcoxon, Frank},
  year = {1945},
  volume = {1},
  pages = {80--83},
  LONGissn = {0099-4987},
  LONGdoi = {10.2307/3001968},
  LONGurl = {https://www.jstor.org/stable/3001968},
  journal = {Biometrics Bulletin},
  number = {6}
}

@inproceedings{PanthaplackelETAL20CommentUpdate,
  author = {Panthaplackel, Sheena and Nie, Pengyu and Gligoric, Milos and Li, Junyi Jessy and Mooney, Raymond J.},
  title = {Learning to Update Natural Language Comments Based on Code Changes},
  booktitle = ACL,
  pages = {1853--1868},
  year = {2020},
}
                  
@inproceedings{BiswasAndRajan20Machine,
  author = {Biswas, Sumon and Rajan, Hridesh},
  title = {Do the Machine Learning Models on a Crowd Sourced Platform Exhibit Bias? An Empirical Study on Model Fairness},
  booktitle = ESEC/FSE,
  pages = {to appear},
  year = {2020},
}
